<?xml version="1.0" encoding="UTF-8"?><collection xmlns="http://www.loc.gov/MARC21/slim"><record><leader>00438nam--2200145-i-4500</leader><controlfield tag="001">000020254</controlfield><controlfield tag="002">20161230</controlfield><controlfield tag="005">20161230201033</controlfield><controlfield tag="008">060222s1000------------r-----000-0-eng-d</controlfield><datafield ind1=" " ind2=" " tag="080"><subfield code="a">669.017.12</subfield></datafield><datafield ind1=" " ind2=" " tag="100"><subfield code="a">Elliott, Rodney P</subfield></datafield><datafield ind1=" " ind2=" " tag="245"><subfield code="a">Constitution of binary alloys, first supplement</subfield></datafield><datafield ind1=" " ind2=" " tag="260"><subfield code="a">New York, Mcgraw-hill Book Company, 1965. Xxx + 877 P</subfield></datafield><datafield ind1=" " ind2=" " tag="490"><subfield code="a">Mcgraw-hill Series In Materials Science And Engineering</subfield></datafield><datafield ind1=" " ind2=" " tag="852"><subfield code="a">77410</subfield></datafield></record></collection>